@FOOTNOTE{Note1,key="Note1",note="\protect \url  {https://www.chime-frb.ca/catalog}"}
@FOOTNOTE{Note2,key="Note2",note="\protect \url  {https://www.chime-frb.ca/repeater_catalog}"}
@FOOTNOTE{Note3,key="Note3",note="\protect \url  {https://docs.astropy.org/en/stable/api/astropy.timeseries.LombScargle.html}"}
@FOOTNOTE{Note4,key="Note4",note="\protect \url  {https://github.com/ckm3/Py-PDM}"}
@CONTROL{REVTEX42Control}
@CONTROL{apsrev42Control,author="08",editor="1",pages="0",title="0",year="1"}
